%YAML 1.1
%TAG !u! tag:unity3d.com,2011:
--- !u!1001 &100100000
Prefab:
  m_ObjectHideFlags: 1
  serializedVersion: 2
  m_Modification:
    m_TransformParent: {fileID: 0}
    m_Modifications: []
    m_RemovedComponents: []
  m_ParentPrefab: {fileID: 0}
  m_RootGameObject: {fileID: 1520045674989380}
  m_IsPrefabParent: 1
--- !u!1 &1209131533404692
GameObject:
  m_ObjectHideFlags: 0
  m_PrefabParentObject: {fileID: 0}
  m_PrefabInternal: {fileID: 100100000}
  serializedVersion: 5
  m_Component:
  - component: {fileID: 4402292554491504}
  - component: {fileID: 212117321789777560}
  - component: {fileID: 114152309102155238}
  m_Layer: 10
  m_Name: 3
  m_TagString: Untagged
  m_Icon: {fileID: 0}
  m_NavMeshLayer: 0
  m_StaticEditorFlags: 0
  m_IsActive: 1
--- !u!1 &1224551716285296
GameObject:
  m_ObjectHideFlags: 0
  m_PrefabParentObject: {fileID: 0}
  m_PrefabInternal: {fileID: 100100000}
  serializedVersion: 5
  m_Component:
  - component: {fileID: 4191627550404338}
  - component: {fileID: 212894791670702854}
  - component: {fileID: 114676639679404964}
  m_Layer: 10
  m_Name: 2
  m_TagString: Untagged
  m_Icon: {fileID: 0}
  m_NavMeshLayer: 0
  m_StaticEditorFlags: 0
  m_IsActive: 1
--- !u!1 &1520045674989380
GameObject:
  m_ObjectHideFlags: 0
  m_PrefabParentObject: {fileID: 0}
  m_PrefabInternal: {fileID: 100100000}
  serializedVersion: 5
  m_Component:
  - component: {fileID: 4280384201984228}
  - component: {fileID: 114132866880617872}
  m_Layer: 10
  m_Name: Cuber
  m_TagString: Untagged
  m_Icon: {fileID: 0}
  m_NavMeshLayer: 0
  m_StaticEditorFlags: 0
  m_IsActive: 1
--- !u!1 &1842676538099796
GameObject:
  m_ObjectHideFlags: 0
  m_PrefabParentObject: {fileID: 0}
  m_PrefabInternal: {fileID: 100100000}
  serializedVersion: 5
  m_Component:
  - component: {fileID: 4079572274757130}
  - component: {fileID: 212696092411875368}
  - component: {fileID: 114370558616068438}
  - component: {fileID: 114700845545831308}
  - component: {fileID: 61503748531407756}
  m_Layer: 10
  m_Name: 1
  m_TagString: Untagged
  m_Icon: {fileID: 0}
  m_NavMeshLayer: 0
  m_StaticEditorFlags: 0
  m_IsActive: 1
--- !u!4 &4079572274757130
Transform:
  m_ObjectHideFlags: 1
  m_PrefabParentObject: {fileID: 0}
  m_PrefabInternal: {fileID: 100100000}
  m_GameObject: {fileID: 1842676538099796}
  m_LocalRotation: {x: 0, y: 0, z: 0, w: 1}
  m_LocalPosition: {x: 0, y: 0, z: 0}
  m_LocalScale: {x: 1, y: 1, z: 1}
  m_Children: []
  m_Father: {fileID: 4280384201984228}
  m_RootOrder: 0
  m_LocalEulerAnglesHint: {x: 0, y: 0, z: 0}
--- !u!4 &4191627550404338
Transform:
  m_ObjectHideFlags: 1
  m_PrefabParentObject: {fileID: 0}
  m_PrefabInternal: {fileID: 100100000}
  m_GameObject: {fileID: 1224551716285296}
  m_LocalRotation: {x: 0, y: 0, z: 0, w: 1}
  m_LocalPosition: {x: 0.29, y: 0, z: 0}
  m_LocalScale: {x: 0.6, y: 0.6, z: 0.6}
  m_Children: []
  m_Father: {fileID: 4280384201984228}
  m_RootOrder: 1
  m_LocalEulerAnglesHint: {x: 0, y: 0, z: 0}
--- !u!4 &4280384201984228
Transform:
  m_ObjectHideFlags: 1
  m_PrefabParentObject: {fileID: 0}
  m_PrefabInternal: {fileID: 100100000}
  m_GameObject: {fileID: 1520045674989380}
  m_LocalRotation: {x: -0, y: -0, z: -0, w: 1}
  m_LocalPosition: {x: 4.19, y: 0, z: 0}
  m_LocalScale: {x: 1, y: 1, z: 1}
  m_Children:
  - {fileID: 4079572274757130}
  - {fileID: 4191627550404338}
  - {fileID: 4402292554491504}
  m_Father: {fileID: 0}
  m_RootOrder: 0
  m_LocalEulerAnglesHint: {x: 0, y: 0, z: 0}
--- !u!4 &4402292554491504
Transform:
  m_ObjectHideFlags: 1
  m_PrefabParentObject: {fileID: 0}
  m_PrefabInternal: {fileID: 100100000}
  m_GameObject: {fileID: 1209131533404692}
  m_LocalRotation: {x: 0, y: 0, z: 0, w: 1}
  m_LocalPosition: {x: 0.49, y: 0, z: 0}
  m_LocalScale: {x: 0.4, y: 0.4, z: 0.4}
  m_Children: []
  m_Father: {fileID: 4280384201984228}
  m_RootOrder: 2
  m_LocalEulerAnglesHint: {x: 0, y: 0, z: 0}
--- !u!61 &61503748531407756
BoxCollider2D:
  m_ObjectHideFlags: 1
  m_PrefabParentObject: {fileID: 0}
  m_PrefabInternal: {fileID: 100100000}
  m_GameObject: {fileID: 1842676538099796}
  m_Enabled: 1
  m_Density: 1
  m_Material: {fileID: 0}
  m_IsTrigger: 1
  m_UsedByEffector: 0
  m_Offset: {x: 0, y: 0}
  serializedVersion: 2
  m_Size: {x: 0.32, y: 0.32}
--- !u!114 &114132866880617872
MonoBehaviour:
  m_ObjectHideFlags: 1
  m_PrefabParentObject: {fileID: 0}
  m_PrefabInternal: {fileID: 100100000}
  m_GameObject: {fileID: 1520045674989380}
  m_Enabled: 1
  m_EditorHideFlags: 0
  m_Script: {fileID: 11500000, guid: d03a6846036ac444aaf1d3163f49cdc9, type: 3}
  m_Name: 
  m_EditorClassIdentifier: 
  speed: 1
  color: {r: 1, g: 0, b: 0, a: 1}
  cubes:
  - {fileID: 212696092411875368}
  - {fileID: 212894791670702854}
  - {fileID: 212117321789777560}
  alphas:
  - 3
  - 2
  - 1
--- !u!114 &114152309102155238
MonoBehaviour:
  m_ObjectHideFlags: 1
  m_PrefabParentObject: {fileID: 0}
  m_PrefabInternal: {fileID: 100100000}
  m_GameObject: {fileID: 1209131533404692}
  m_Enabled: 1
  m_EditorHideFlags: 0
  m_Script: {fileID: -79023486, guid: 32187afbec4815f418408268605edeee, type: 3}
  m_Name: 
  m_EditorClassIdentifier: 
  settings:
    timeScaling: 2
    reverseClamp: 1
  events:
    onPlay:
      m_PersistentCalls:
        m_Calls: []
      m_TypeName: UnityEngine.Events.UnityEvent, UnityEngine, Version=0.0.0.0, Culture=neutral,
        PublicKeyToken=null
    onStop:
      m_PersistentCalls:
        m_Calls: []
      m_TypeName: UnityEngine.Events.UnityEvent, UnityEngine, Version=0.0.0.0, Culture=neutral,
        PublicKeyToken=null
    onDurationReached:
      m_PersistentCalls:
        m_Calls: []
      m_TypeName: UnityEngine.Events.UnityEvent, UnityEngine, Version=0.0.0.0, Culture=neutral,
        PublicKeyToken=null
    onRawWeightApex:
      m_PersistentCalls:
        m_Calls: []
      m_TypeName: UnityEngine.Events.UnityEvent, UnityEngine, Version=0.0.0.0, Culture=neutral,
        PublicKeyToken=null
  isSleeping: 0
  weights: 00000000
  customWeight:
    stimulus: 0
    curve:
      serializedVersion: 2
      m_Curve:
      - serializedVersion: 2
        time: 0
        value: 1
        inSlope: 0
        outSlope: 0
        tangentMode: 0
      - serializedVersion: 2
        time: 1
        value: 1
        inSlope: 0
        outSlope: 0
        tangentMode: 0
      m_PreInfinity: 2
      m_PostInfinity: 2
      m_RotationOrder: 4
  speed: 1
  rawTime: 0
  simulatedTime: 0
  strength: 1
  preset: 0
  duration: 1
  timeWrap: 2
  positionExtent: {x: 0, y: 0, z: 0}
  rotationExtent: {x: 0, y: 0, z: 250}
  scaleExtent: {x: 0, y: 0, z: 0}
  previousPreset: 0
  positionOffset: {x: 0, y: 0, z: 0}
  rotationOffset: {x: 0, y: 0, z: 0, w: 1}
  scaleOffset: {x: 0, y: 0, z: 0}
--- !u!114 &114370558616068438
MonoBehaviour:
  m_ObjectHideFlags: 1
  m_PrefabParentObject: {fileID: 0}
  m_PrefabInternal: {fileID: 100100000}
  m_GameObject: {fileID: 1842676538099796}
  m_Enabled: 1
  m_EditorHideFlags: 0
  m_Script: {fileID: -79023486, guid: 32187afbec4815f418408268605edeee, type: 3}
  m_Name: 
  m_EditorClassIdentifier: 
  settings:
    timeScaling: 2
    reverseClamp: 1
  events:
    onPlay:
      m_PersistentCalls:
        m_Calls: []
      m_TypeName: UnityEngine.Events.UnityEvent, UnityEngine, Version=0.0.0.0, Culture=neutral,
        PublicKeyToken=null
    onStop:
      m_PersistentCalls:
        m_Calls: []
      m_TypeName: UnityEngine.Events.UnityEvent, UnityEngine, Version=0.0.0.0, Culture=neutral,
        PublicKeyToken=null
    onDurationReached:
      m_PersistentCalls:
        m_Calls: []
      m_TypeName: UnityEngine.Events.UnityEvent, UnityEngine, Version=0.0.0.0, Culture=neutral,
        PublicKeyToken=null
    onRawWeightApex:
      m_PersistentCalls:
        m_Calls: []
      m_TypeName: UnityEngine.Events.UnityEvent, UnityEngine, Version=0.0.0.0, Culture=neutral,
        PublicKeyToken=null
  isSleeping: 0
  weights: 00000000
  customWeight:
    stimulus: 0
    curve:
      serializedVersion: 2
      m_Curve:
      - serializedVersion: 2
        time: 0
        value: 1
        inSlope: 0
        outSlope: 0
        tangentMode: 0
      - serializedVersion: 2
        time: 1
        value: 1
        inSlope: 0
        outSlope: 0
        tangentMode: 0
      m_PreInfinity: 2
      m_PostInfinity: 2
      m_RotationOrder: 4
  speed: 1
  rawTime: 0
  simulatedTime: 0
  strength: 1
  preset: 13
  duration: 1
  timeWrap: 2
  positionExtent: {x: 0, y: 0, z: 0}
  rotationExtent: {x: 0, y: 0, z: 360}
  scaleExtent: {x: 0, y: 0, z: 0}
  previousPreset: 13
  positionOffset: {x: 0, y: 0, z: 0}
  rotationOffset: {x: 0, y: 0, z: 0, w: 1}
  scaleOffset: {x: 0, y: 0, z: 0}
--- !u!114 &114676639679404964
MonoBehaviour:
  m_ObjectHideFlags: 1
  m_PrefabParentObject: {fileID: 0}
  m_PrefabInternal: {fileID: 100100000}
  m_GameObject: {fileID: 1224551716285296}
  m_Enabled: 1
  m_EditorHideFlags: 0
  m_Script: {fileID: -79023486, guid: 32187afbec4815f418408268605edeee, type: 3}
  m_Name: 
  m_EditorClassIdentifier: 
  settings:
    timeScaling: 2
    reverseClamp: 1
  events:
    onPlay:
      m_PersistentCalls:
        m_Calls: []
      m_TypeName: UnityEngine.Events.UnityEvent, UnityEngine, Version=0.0.0.0, Culture=neutral,
        PublicKeyToken=null
    onStop:
      m_PersistentCalls:
        m_Calls: []
      m_TypeName: UnityEngine.Events.UnityEvent, UnityEngine, Version=0.0.0.0, Culture=neutral,
        PublicKeyToken=null
    onDurationReached:
      m_PersistentCalls:
        m_Calls: []
      m_TypeName: UnityEngine.Events.UnityEvent, UnityEngine, Version=0.0.0.0, Culture=neutral,
        PublicKeyToken=null
    onRawWeightApex:
      m_PersistentCalls:
        m_Calls: []
      m_TypeName: UnityEngine.Events.UnityEvent, UnityEngine, Version=0.0.0.0, Culture=neutral,
        PublicKeyToken=null
  isSleeping: 0
  weights: 00000000
  customWeight:
    stimulus: 0
    curve:
      serializedVersion: 2
      m_Curve:
      - serializedVersion: 2
        time: 0
        value: 1
        inSlope: 0
        outSlope: 0
        tangentMode: 0
      - serializedVersion: 2
        time: 1
        value: 1
        inSlope: 0
        outSlope: 0
        tangentMode: 0
      m_PreInfinity: 2
      m_PostInfinity: 2
      m_RotationOrder: 4
  speed: 1
  rawTime: 0
  simulatedTime: 0
  strength: 1
  preset: 0
  duration: 1
  timeWrap: 2
  positionExtent: {x: 0, y: 0, z: 0}
  rotationExtent: {x: 0, y: 0, z: 300}
  scaleExtent: {x: 0, y: 0, z: 0}
  previousPreset: 0
  positionOffset: {x: 0, y: 0, z: 0}
  rotationOffset: {x: 0, y: 0, z: 0, w: 1}
  scaleOffset: {x: 0, y: 0, z: 0}
--- !u!114 &114700845545831308
MonoBehaviour:
  m_ObjectHideFlags: 1
  m_PrefabParentObject: {fileID: 0}
  m_PrefabInternal: {fileID: 100100000}
  m_GameObject: {fileID: 1842676538099796}
  m_Enabled: 1
  m_EditorHideFlags: 0
  m_Script: {fileID: 11500000, guid: 5e2854e81f75a914fb4b61c3740ea950, type: 3}
  m_Name: 
  m_EditorClassIdentifier: 
--- !u!212 &212117321789777560
SpriteRenderer:
  m_ObjectHideFlags: 1
  m_PrefabParentObject: {fileID: 0}
  m_PrefabInternal: {fileID: 100100000}
  m_GameObject: {fileID: 1209131533404692}
  m_Enabled: 1
  m_CastShadows: 0
  m_ReceiveShadows: 0
  m_MotionVectors: 1
  m_LightProbeUsage: 0
  m_ReflectionProbeUsage: 0
  m_Materials:
  - {fileID: 2100000, guid: 1f0082d141dbc574aa2f145cc1f4af4e, type: 2}
  m_StaticBatchInfo:
    firstSubMesh: 0
    subMeshCount: 0
  m_StaticBatchRoot: {fileID: 0}
  m_ProbeAnchor: {fileID: 0}
  m_LightProbeVolumeOverride: {fileID: 0}
  m_ScaleInLightmap: 1
  m_PreserveUVs: 0
  m_IgnoreNormalsForChartDetection: 0
  m_ImportantGI: 0
  m_SelectedEditorRenderState: 0
  m_MinimumChartSize: 4
  m_AutoUVMaxDistance: 0.5
  m_AutoUVMaxAngle: 89
  m_LightmapParameters: {fileID: 0}
  m_SortingLayerID: 0
  m_SortingOrder: 0
  m_Sprite: {fileID: 21300000, guid: bb91ae9a623f55b4ba384aaa33143c97, type: 3}
  m_Color: {r: 1, g: 1, b: 1, a: 1}
  m_FlipX: 0
  m_FlipY: 0
--- !u!212 &212696092411875368
SpriteRenderer:
  m_ObjectHideFlags: 1
  m_PrefabParentObject: {fileID: 0}
  m_PrefabInternal: {fileID: 100100000}
  m_GameObject: {fileID: 1842676538099796}
  m_Enabled: 1
  m_CastShadows: 0
  m_ReceiveShadows: 0
  m_MotionVectors: 1
  m_LightProbeUsage: 0
  m_ReflectionProbeUsage: 0
  m_Materials:
  - {fileID: 2100000, guid: 1f0082d141dbc574aa2f145cc1f4af4e, type: 2}
  m_StaticBatchInfo:
    firstSubMesh: 0
    subMeshCount: 0
  m_StaticBatchRoot: {fileID: 0}
  m_ProbeAnchor: {fileID: 0}
  m_LightProbeVolumeOverride: {fileID: 0}
  m_ScaleInLightmap: 1
  m_PreserveUVs: 0
  m_IgnoreNormalsForChartDetection: 0
  m_ImportantGI: 0
  m_SelectedEditorRenderState: 0
  m_MinimumChartSize: 4
  m_AutoUVMaxDistance: 0.5
  m_AutoUVMaxAngle: 89
  m_LightmapParameters: {fileID: 0}
  m_SortingLayerID: 0
  m_SortingOrder: 0
  m_Sprite: {fileID: 21300000, guid: bb91ae9a623f55b4ba384aaa33143c97, type: 3}
  m_Color: {r: 1, g: 1, b: 1, a: 1}
  m_FlipX: 0
  m_FlipY: 0
--- !u!212 &212894791670702854
SpriteRenderer:
  m_ObjectHideFlags: 1
  m_PrefabParentObject: {fileID: 0}
  m_PrefabInternal: {fileID: 100100000}
  m_GameObject: {fileID: 1224551716285296}
  m_Enabled: 1
  m_CastShadows: 0
  m_ReceiveShadows: 0
  m_MotionVectors: 1
  m_LightProbeUsage: 0
  m_ReflectionProbeUsage: 0
  m_Materials:
  - {fileID: 2100000, guid: 1f0082d141dbc574aa2f145cc1f4af4e, type: 2}
  m_StaticBatchInfo:
    firstSubMesh: 0
    subMeshCount: 0
  m_StaticBatchRoot: {fileID: 0}
  m_ProbeAnchor: {fileID: 0}
  m_LightProbeVolumeOverride: {fileID: 0}
  m_ScaleInLightmap: 1
  m_PreserveUVs: 0
  m_IgnoreNormalsForChartDetection: 0
  m_ImportantGI: 0
  m_SelectedEditorRenderState: 0
  m_MinimumChartSize: 4
  m_AutoUVMaxDistance: 0.5
  m_AutoUVMaxAngle: 89
  m_LightmapParameters: {fileID: 0}
  m_SortingLayerID: 0
  m_SortingOrder: 0
  m_Sprite: {fileID: 21300000, guid: bb91ae9a623f55b4ba384aaa33143c97, type: 3}
  m_Color: {r: 1, g: 1, b: 1, a: 1}
  m_FlipX: 0
  m_FlipY: 0
